% This file was created with Citavi 6.12.0.0

@book{Foerste.2022,
 author = {Foerste, Ulrich},
 year = {2022},
 title = {Insolvenzrecht},
 address = {M{\"u}nchen},
 edition = {8., {\"u}berarbeitete und erweiterte Auflage},
 publisher = {C.H.Beck},
 isbn = {9783406779824},
 series = {beck-eLibrary die Fachbibliothek},
 institution = {{Verlag C.H. Beck}},
 doi = {10.17104/9783406779824}
}


